@incollection{de2015lean,
  title={The Lean theorem prover (system description)},
  author={de Moura, Leonardo and Kong, Soonho and Avigad, Jeremy and Van Doorn, Floris and von Raumer, Jakob},
  booktitle={Automated Deduction-CADE-25},
  pages={378--388},
  year={2015},
  publisher={Springer}
}

@article{dybjer1994inductive,
  title={Inductive families},
  author={Dybjer, Peter},
  journal={Formal aspects of computing},
  volume={6},
  number={4},
  pages={440--465},
  year={1994},
  publisher={Springer}
}

@incollection{awodey2015homotopy,
  title={Homotopy type theory},
  author={Awodey, Steve},
  booktitle={Logic and Its Applications},
  pages={1--10},
  year={2015},
  publisher={Springer}
}
